<?xml version="1.0" encoding="UTF-8"?>
<collection xmlns:xsi="http://www.w3.org/2001/XMLSchema-instance" xsi:schemaLocation="http://www.loc.gov/MARC21/slim http://www.loc.gov/standards/marcxml/schema/MARC21slim.xsd" xmlns="http://www.loc.gov/MARC21/slim">
<record>
  <leader>01241cam a2200277 a 4500</leader>
  <controlfield tag="001">4990734</controlfield>
  <controlfield tag="003">NNC</controlfield>
  <controlfield tag="005">20160718182418.0</controlfield>
  <controlfield tag="008">040630s1911    ua      a     000 0 ara d</controlfield>
  <datafield tag="035" ind1=" " ind2=" ">
    <subfield code="a">(NNC)4990734</subfield>
  </datafield>
  <datafield tag="035" ind1=" " ind2=" ">
    <subfield code="a">(OCoLC)ocn37957443</subfield>
  </datafield>
  <datafield tag="035" ind1=" " ind2=" ">
    <subfield code="a">(OCoLC)37957443</subfield>
  </datafield>
  <datafield tag="040" ind1=" " ind2=" ">
    <subfield code="a">NBiSU</subfield>
    <subfield code="c">DHA</subfield>
  </datafield>
  <datafield tag="050" ind1=" " ind2="4">
    <subfield code="a">BP189.26</subfield>
    <subfield code="b">.I262 1911</subfield>
  </datafield>
  <datafield tag="100" ind1="0" ind2=" ">
    <subfield code="6">880-01</subfield>
    <subfield code="a">Ibn al-ʻArabī,</subfield>
    <subfield code="d">1165-1240.</subfield>
  </datafield>
  <datafield tag="245" ind1="1" ind2="0">
    <subfield code="6">880-02</subfield>
    <subfield code="a">Kitāb al-futūḥāt al-Makkīyah /</subfield>
    <subfield code="c">Muḥyī al-Ḥaqq wa-al-Dīn Abī ʻAbd Allāh Muḥammad ibn ʻAlī al-maʻrūf bi-Ibn ʻArabī al-Ḥātimī a</subfield>
  </datafield>
  <datafield tag="246" ind1="3" ind2="0">
    <subfield code="6">880-03</subfield>
    <subfield code="a">Futūḥāt al-Makkīyah</subfield>
  </datafield>
  <datafield tag="260" ind1=" " ind2=" ">
    <subfield code="6">880-04</subfield>
    <subfield code="a">Miṣr :</subfield>
    <subfield code="b">Dār al-Kutub al-ʻArabīyah al-Kubrá,</subfield>
    <subfield code="c">1329 [1911]</subfield>
  </datafield>
  <datafield tag="300" ind1=" " ind2=" ">
    <subfield code="a">4 v. ;</subfield>
    <subfield code="c">28 cm.</subfield>
  </datafield>
  <datafield tag="650" ind1=" " ind2="0">
    <subfield code="a">Sufism</subfield>
    <subfield code="v">Early works to 1800.</subfield>
  </datafield>
  <datafield tag="797" ind1=" " ind2=" ">
    <subfield code="g">RSLP recon: Durham</subfield>
  </datafield>
  <datafield tag="880" ind1="0" ind2=" ">
    <subfield code="6">100-01/r</subfield>
    <subfield code="a">ابن العربي،</subfield>
    <subfield code="d">1165-1240.</subfield>
  </datafield>
  <datafield tag="880" ind1="1" ind2="0">
    <subfield code="6">245-02/r</subfield>
    <subfield code="a">كتاب الفتوحات المكية /</subfield>
    <subfield code="c">محيي الحق والدين أبي عبد الله محمد بن علي المعروف بابن العربي الحاتمي الطائي.</subfield>
  </datafield>
  <datafield tag="880" ind1="3" ind2="0">
    <subfield code="6">246-03/r</subfield>
    <subfield code="a">فتوحات المكية</subfield>
  </datafield>
  <datafield tag="880" ind1=" " ind2=" ">
    <subfield code="6">260-04/r</subfield>
    <subfield code="a">مصر :</subfield>
    <subfield code="b">دار الكتب العربية الكبرى،</subfield>
    <subfield code="c">1329.</subfield>
  </datafield>
  <datafield tag="955" ind1=" " ind2=" ">
    <subfield code="b">CU10922849</subfield>
    <subfield code="d">off,uts</subfield>
    <subfield code="e">OT85 I128 F</subfield>
    <subfield code="v">v.3</subfield>
  </datafield>
</record>
</collection>